@patent{McConnell:1986wsb,
  title={Method of and apparatus for pattern recognition},
  author={McConnell, R.K.},
  url={https://www.google.com.au/patents/US4567610},
  year={1986},
  month=jan # "~28",
  publisher={Google Patents},
  note={US Patent 4,567,610}
}

@book{oed:system,
  author={{Oxford English Dictionary}},
  note={5th Edition. Retrieved 13 July 2017, \textless\url{http://www.oed.com/view/Entry/196665}\textgreater.},
  year={2015}
}

@conference{Bezivin:2002,
  title = "Technological Spaces: An Initial Appraisal",
  keywords = "IR-55814, EWI-10206",
  author = "Ivan Ivanov and Jean BÃ©zivin and Mehmet Aksit",
  note = "\textless\url{http://www.cs.rmit.edu.au/fedconf/2002/program.html}\textgreater.",
  year = "2002",
  month = "10",
  pages = "1--6",
}

@article{DBLP:journals/corr/abs-1210-3448,
  author    = {Adela Barriuso and
               Antonio Torralba},
  title     = {Notes on image annotation},
  journal   = {CoRR},
  volume    = {abs/1210.3448},
  year      = {2012},
  url       = {http://arxiv.org/abs/1210.3448},
  timestamp = {Fri, 14 Jul 2017 14:59:18 +0200},
  biburl    = {http://dblp.uni-trier.de/rec/bib/journals/corr/abs-1210-3448},
  bibsource = {dblp computer science bibliography, http://dblp.org}
}

@TechReport{wickham:boxplots,
  author = {Hadley Wickham and Lisa Stryjewski},
  institution = {had.co.nz},
  title = {40 years of boxplots},
  year = {2012},
}

@article{kagermann2011industrie,
  title={Industrie 4.0: Mit dem Internet der Dinge auf dem Weg zur 4. industriellen Revolution},
  author={Kagermann, Henning and Lukas, Wolf-Dieter and Wahlster, Wolfgang},
  journal={VDI nachrichten},
  volume={13},
  pages={11},
  year={2011}
}

@book{Schwab:2017vd,
author = {{Klaus Schwab}},
title = {{The Fourth Industrial Revolution}},
publisher = {Penguin UK},
year = {2017},
month = jan
}