%% Created using Papers on Sat, 13 May 2017.
%% http://papersapp.com/papers/

@article{Kundu:2015vq,
author = {Kundu, Subrata Kumar and Mackens, Patrick},
title = {{Speed Limit Sign Recognition Using MSER and Artificial Neural Networks.}},
journal = {ITSC},
year = {2015}
}

@article{Chen:2011ul,
author = {Chen, Huizhong and Tsai, Sam S and Schroth, Georg and Chen, David M and Grzeszczuk, Radek and Girod, Bernd},
title = {{Robust text detection in natural images with edge-enhanced Maximally Stable Extremal Regions.}},
journal = {ICIP},
year = {2011}
}

@article{Li:2012wd,
author = {Li, Yao and Lu, Huchuan},
title = {{Scene text detection via stroke width.}},
journal = {ICPR},
year = {2012}
}

@inproceedings{Benami:2012jf,
author = {Ben-ami, Idan and Basha, Tali and Avidan, Shai},
title = {{Racing Bib Numbers Recognition}},
booktitle = {British Machine Vision Conference 2012},
year = {2012},
pages = {19.1--19.10},
publisher = {British Machine Vision Association}
}

@article{Sermanet:2011ui,
author = {Sermanet, Pierre and LeCun, Yann},
title = {{Traffic sign recognition with multi-scale Convolutional Networks.}},
journal = {IJCNN},
year = {2011}
}

@article{Nguyen:2015vc,
author = {Nguyen, Duc Thanh and Tran, Minh-Khoi and Yeung, Sai-Kit},
title = {{An MRF-Poselets Model for Detecting Highly Articulated Humans.}},
journal = {ICCV},
year = {2015}
}

@inproceedings{XiangrongChen:2004ha,
author = {Xiangrong Chen and Yuille, A L},
title = {{Detecting and reading text in natural scenes}},
booktitle = {Proceedings of the 2004 IEEE Computer Society Conference on Computer Vision and Pattern Recognition, 2004. CVPR 2004},
year = {2004},
pages = {366--373},
publisher = {IEEE}
}

@article{Netzer:2011to,
author = {Netzer, Y and Wang, T and Coates, A},
title = {{Reading digits in natural images with unsupervised feature learning}},
journal = {NIPS workshop on {\ldots}},
year = {2011}
}

@inproceedings{Eichner:2008dw,
author = {Eichner, Marcin L and Breckon, Toby P},
title = {{Integrated speed limit detection and recognition from real-time video}},
booktitle = {2008 IEEE Intelligent Vehicles Symposium (IV)},
year = {2008},
pages = {626--631},
publisher = {IEEE}
}

@article{Zhu:2016ut,
author = {Zhu, Lei and Yang, Chun-Sheng and Pan, Jeng-Shyang},
title = {{Detection and Recognition of Speed Limit Sign from Video.}},
journal = {ACIIDS},
year = {2016}
}

@article{Tsai:2010cn,
author = {Tsai, Sam S and Chen, David M and Chandrasekhar, Vijay and Takacs, Gabriel and Cheung, Ngai-Man and Vedantham, Ramakrishna and Grzeszczuk, Radek and Girod, Bernd},
title = {{Mobile product recognition.}},
journal = {ACM Multimedia},
year = {2010}
}

@article{Lecun:1998hy,
author = {Lecun, Y and Bottou, L and Bengio, Y and Haffner, P},
title = {{Gradient-based learning applied to document recognition}},
journal = {Proceedings of the IEEE},
year = {1998},
volume = {86},
number = {11},
pages = {2278--2324}
}

@inproceedings{Lian:2016dc,
author = {Lian, Zifeng and Jing, Xiaojun and Sun, Songlin and Huang, Hai},
title = {{Frequency Selective Convolutional Neural Networks for Traffic Sign Recognition}},
booktitle = {2016 IEEE 83rd Vehicular Technology Conference (VTC Spring},
year = {2016},
pages = {1--5},
publisher = {IEEE}
}

@article{Anagnostopoulos:2008vu,
author = {Anagnostopoulos, Christos-Nikolaos and Anagnostopoulos, Ioannis and Psoroulas, I D and Loumos, Vassilis and Kayafas, Eleftherios},
title = {{License Plate Recognition From Still Images and Video Sequences - A Survey.}},
journal = {IEEE Trans. Intelligent Transportation Systems},
year = {2008}
}

@inproceedings{Torresen:2004jl,
author = {Torresen, J and Bakke, J W and Sekanina, L},
title = {{Efficient recognition of speed limit signs}},
booktitle = {The 7th International IEEE Conference on Intelligent Transportation Systems},
year = {2004},
pages = {652--656},
publisher = {IEEE}
}

@inproceedings{Smith:2007dc,
author = {Smith, R},
title = {{An Overview of the Tesseract OCR Engine}},
booktitle = {Ninth International Conference on Document Analysis and Recognition (ICDAR 2007) Vol 2},
year = {2007},
pages = {629--633},
publisher = {IEEE}
}

@article{Seo:2015ez,
author = {Seo, Young-Woo and Lee, Jongho and Zhang, Wende and Wettergreen, David},
title = {{Recognition of Highway Workzones for Reliable Autonomous Driving}},
journal = {IEEE Transactions on Intelligent Transportation Systems},
year = {2015},
volume = {16},
number = {2},
pages = {1--11}
}

@article{Girod:2011gw,
author = {Girod, Bernd and Chandrasekhar, Vijay and Chen, David and Cheung, Ngai-Man and Grzeszczuk, Radek and Reznik, Yuriy and Takacs, Gabriel and Tsai, Sam and Vedantham, Ramakrishna},
title = {{Mobile Visual Search}},
journal = {IEEE Signal Processing Magazine},
year = {2011},
volume = {28},
number = {4},
pages = {61--76}
}

@book{Bishop:1995iq,
author = {Bishop, Christopher M},
title = {{Neural Networks for Pattern Recognition}},
publisher = {Oxford University Press},
year = {1995},
month = nov
}

@inproceedings{Fu:2015by,
author = {Fu, Chiao and Cheng, Chia-Wen and Shen, Wen-Hsuan and Wei, Yu-Lin and Tsai, Hsin-Mu},
title = {{LightBib: Marathoner Recognition System with Visible Light Communications}},
booktitle = {2015 IEEE International Conference on Data Science and Data Intensive Systems (DSDIS)},
year = {2015},
pages = {572--578},
publisher = {IEEE}
}

@article{He:2017ud,
author = {He, Kaiming and Gkioxari, Georgia and Doll{\'a}r, Piotr and Girshick, Ross},
title = {{Mask R-CNN}},
journal = {arXiv.org},
year = {2017},
eprint = {1703.06870v1},
eprinttype = {arxiv},
eprintclass = {cs.CV},
month = mar
}

@article{Barat:2016eq,
author = {Barat, C{\'e}cile and Ducottet, Christophe},
title = {{String representations and distances in deep Convolutional Neural Networks for image classification}},
journal = {Pattern Recognition},
year = {2016},
volume = {54},
pages = {104--115},
month = jun
}

@article{Lee:2016wj,
author = {Lee, Ji Young and Dernoncourt, Franck},
title = {{Sequential Short-Text Classification with Recurrent and Convolutional Neural Networks}},
journal = {arXiv.org},
year = {2016},
eprint = {1603.03827v1},
eprinttype = {arxiv},
eprintclass = {cs.CL},
month = mar,
annote = {Accepted as a conference paper at NAACL 2016}
}

@inproceedings{Zagoruyko:2015da,
author = {Zagoruyko, Sergey and Komodakis, Nikos},
title = {{Learning to compare image patches via convolutional neural networks}},
booktitle = {2015 IEEE Conference on Computer Vision and Pattern Recognition (CVPR)},
year = {2015},
pages = {4353--4361},
publisher = {IEEE}
}

@article{Jin:2014jn,
author = {Jin, Junqi and Fu, Kun and Zhang, Changshui},
title = {{Traffic Sign Recognition With Hinge Loss Trained Convolutional Neural Networks}},
journal = {IEEE Transactions on Intelligent Transportation Systems},
year = {2014},
volume = {15},
number = {5},
pages = {1991--2000},
month = sep
}

@article{Zaklouta:2014fp,
author = {Zaklouta, Fatin and Stanciulescu, Bogdan},
title = {{Real-time traffic sign recognition in three stages}},
journal = {Robotics and Autonomous Systems},
year = {2014},
volume = {62},
number = {1},
pages = {16--24},
month = jan
}

@inproceedings{Neumann:2012ik,
author = {Neumann, L and Matas, J},
title = {{Real-time scene text localization and recognition}},
booktitle = {2012 IEEE Conference on Computer Vision and Pattern Recognition (CVPR)},
year = {2012},
pages = {3538--3545},
publisher = {IEEE}
}

@article{Gonzalez:2012wo,
author = {Gonzalez, {\'A}lvaro and Bergasa, Luis Miguel and Torres, Jos{\'e} Javier Yebes and Bronte, Sebasti{\'a}n},
title = {{Text location in complex images.}},
journal = {ICPR},
year = {2012}
}

@article{Pang:2016uc,
author = {Pang, Liang and Lan, Yanyan and Guo, Jiafeng and Xu, Jun and Wan, Shengxian and Cheng, Xueqi},
title = {{Text Matching as Image Recognition}},
journal = {arXiv.org},
year = {2016},
eprint = {1602.06359v1},
eprinttype = {arxiv},
eprintclass = {cs.CL},
month = feb,
annote = {Accepted by AAAI-2016}
}

@article{Garcia:2004gy,
author = {Garcia, C and Delakis, M},
title = {{Convolutional face finder: a neural architecture for fast and robust face detection}},
journal = {IEEE Transactions on Pattern Analysis and Machine Intelligence},
year = {2004},
volume = {26},
number = {11},
pages = {1408--1423},
month = nov
}

@article{Lee:2016uy,
author = {Lee, Chen-Yu and Osindero, Simon},
title = {{Recursive Recurrent Nets with Attention Modeling for OCR in the Wild}},
year = {2016},
eprint = {1603.03101},
eprinttype = {arxiv},
pages = {1--10},
month = mar
}

@inproceedings{Lucas:2003iw,
author = {Lucas, S M and Panaretos, A and Sosa, L and Tang, A and Wong, S and Young, R},
title = {{ICDAR 2003 robust reading competitions}},
booktitle = {Seventh International Conference on Document Analysis and Recognition},
year = {2003},
pages = {682--687},
publisher = {IEEE Comput. Soc}
}

@article{Sivic:2003tj,
author = {Sivic, Josef and Zisserman, Andrew},
title = {{Video Google - A Text Retrieval Approach to Object Matching in Videos.}},
journal = {ICCV},
year = {2003}
}

@article{Takacs:2008cg,
author = {Takacs, Gabriel and Chandrasekhar, Vijay and Gelfand, Natasha and Xiong, Yingen and Chen, Wei-Chao and Bismpigiannis, Thanos and Grzeszczuk, Radek and Pulli, Kari and Girod, Bernd},
title = {{Outdoors augmented reality on mobile phone using loxel-based visual feature organization.}},
journal = {Multimedia Information Retrieval},
year = {2008}
}

@article{Lowe:2004kp,
author = {Lowe, David G},
title = {{Distinctive Image Features from Scale-Invariant Keypoints.}},
journal = {International Journal of Computer Vision},
year = {2004},
volume = {60},
number = {2},
pages = {91--110}
}

@article{Bay:2008ud,
author = {Bay, Herbert and Ess, Andreas and Tuytelaars, Tinne and Van Gool, Luc J},
title = {{Speeded-Up Robust Features (SURF).}},
journal = {Computer Vision and Image Understanding},
year = {2008}
}

@article{CanoPerez:2003fq,
author = {Cano-Perez, Javier and P{\'e}rez-Cortes, Juan Carlos},
title = {{Vehicle License Plate Segmentation in Natural Images.}},
journal = {IbPRIA},
year = {2003},
volume = {2652},
number = {Chapter 17},
pages = {142--149}
}

@phdthesis{Smith:1987tg,
author = {Smith, Raymond W},
title = {{The Extraction and Recognition of Text from Multimedia Document Images}},
year = {1987},
address = {University of Bristol}
}

@inproceedings{Jin:2016jd,
author = {Jin, Cheok Ming and Omar, Zaid and Jaward, Mohamed Hisham},
title = {{A mobile application of American sign language translation via image processing algorithms}},
booktitle = {2016 IEEE Region 10 Symposium (TENSYMP)},
year = {2016},
pages = {104--109},
publisher = {IEEE}
}


@article{Shivakumara:2011dl,
author = {Shivakumara, P and Phan, Trung Quy and Tan, Chew Lim},
title = {{A Laplacian Approach to Multi-Oriented Text Detection in Video}},
journal = {IEEE Transactions on Pattern Analysis and Machine Intelligence},
year = {2011},
volume = {33},
number = {2},
pages = {412--419}
}


@article{Epshtein:2010tj,
author = {Epshtein, Boris and Ofek, Eyal and Wexler, Yonatan},
title = {{Detecting text in natural scenes with stroke width transform.}},
journal = {CVPR},
year = {2010}
}

@article{Wang:2011tw,
author = {Wang, Kai and Babenko, Boris and Belongie, Serge J},
title = {{End-to-end scene text recognition.}},
journal = {ICCV},
year = {2011}
}

@article{Anagnostopoulos:2006wv,
author = {Anagnostopoulos, Christos-Nikolaos and Anagnostopoulos, Ioannis and Loumos, Vassilis and Kayafas, Eleftherios},
title = {{A License Plate-Recognition Algorithm for Intelligent Transportation System Applications.}},
journal = {IEEE Trans. Intelligent Transportation Systems},
year = {2006}
}

