% Darknet
% https://pjreddie.com/darknet/
@misc{darknet13,
  author =   {Joseph Redmon},
  title =    {Darknet: Open Source Neural Networks in C},
  howpublished = {\url{http://pjreddie.com/darknet/}},
  year = {2013--2016}
}

% YOLO
% https://pjreddie.com/darknet/yolo/
@article{redmon2016yolo9000,
  title={YOLO9000: Better, Faster, Stronger},
  author={Redmon, Joseph and Farhadi, Ali},
  journal={arXiv preprint arXiv:1612.08242},
  year={2016}
}

% Keras
% https://keras.io/getting-started/faq/
@misc{chollet2015keras,
  title={Keras},
  author={Chollet, Fran\c{c}ois and others},
  year={2015},
  publisher={GitHub},
  howpublished={\url{https://github.com/fchollet/keras}},
}

% Tensorflow
% https://www.tensorflow.org/about/bib
@misc{tensorflow2015-whitepaper,
title={ {TensorFlow}: Large-Scale Machine Learning on Heterogeneous Systems},
url={http://tensorflow.org/},
note={Software available from tensorflow.org},
author={
    Mart\'{\i}n~Abadi and
    Ashish~Agarwal and
    Paul~Barham and
    Eugene~Brevdo and
    Zhifeng~Chen and
    Craig~Citro and
    Greg~S.~Corrado and
    Andy~Davis and
    Jeffrey~Dean and
    Matthieu~Devin and
    Sanjay~Ghemawat and
    Ian~Goodfellow and
    Andrew~Harp and
    Geoffrey~Irving and
    Michael~Isard and
    Yangqing Jia and
    Rafal~Jozefowicz and
    Lukasz~Kaiser and
    Manjunath~Kudlur and
    Josh~Levenberg and
    Dan~Man\'{e} and
    Rajat~Monga and
    Sherry~Moore and
    Derek~Murray and
    Chris~Olah and
    Mike~Schuster and
    Jonathon~Shlens and
    Benoit~Steiner and
    Ilya~Sutskever and
    Kunal~Talwar and
    Paul~Tucker and
    Vincent~Vanhoucke and
    Vijay~Vasudevan and
    Fernanda~Vi\'{e}gas and
    Oriol~Vinyals and
    Pete~Warden and
    Martin~Wattenberg and
    Martin~Wicke and
    Yuan~Yu and
    Xiaoqiang~Zheng},
  year={2015},
}

% FRCNN (Keras-FRCNN)
% https://github.com/yhenon/keras-frcnn
@article{DBLP:journals/corr/RenHG015,
  author    = {Shaoqing Ren and
               Kaiming He and
               Ross B. Girshick and
               Jian Sun},
  title     = {Faster {R-CNN:} Towards Real-Time Object Detection with Region Proposal
               Networks},
  journal   = {CoRR},
  volume    = {abs/1506.01497},
  year      = {2015},
  url       = {http://arxiv.org/abs/1506.01497},
  timestamp = {Wed, 07 Jun 2017 14:42:40 +0200},
  biburl    = {http://dblp.uni-trier.de/rec/bib/journals/corr/RenHG015},
  bibsource = {dblp computer science bibliography, http://dblp.org}
}

% VATIC
@article {springerlink:10.1007/s11263-012-0564-1,
   author = {Vondrick, Carl and Patterson, Donald and Ramanan, Deva},
   affiliation = {Department of Computer Science, UC Irvine, Irvine, USA},
   title = {Efficiently Scaling up Crowdsourced Video Annotation},
   journal = {International Journal of Computer Vision},
   publisher = {Springer Netherlands},
   issn = {0920-5691},
   keyword = {Computer Science},
   pages = {1-21},
   url = {http://dx.doi.org/10.1007/s11263-012-0564-1},
   note = {10.1007/s11263-012-0564-1},
}